<?xml version="1.0" encoding="UTF-8"?><collection xmlns="http://www.loc.gov/MARC21/slim"><record><leader>00745nam--2200193-i-4500</leader><controlfield tag="001">000034939</controlfield><controlfield tag="002">20161230</controlfield><controlfield tag="005">20161230201040</controlfield><controlfield tag="008">060222s1000------------r-----000-0-eng-d</controlfield><datafield ind1=" " ind2=" " tag="040"><subfield code="a">IFIN-HH</subfield></datafield><datafield ind1=" " ind2=" " tag="080"><subfield code="a">539..1.074.83:532.783</subfield></datafield><datafield ind1="1" ind2=" " tag="100"><subfield code="a">Noujaim, A.A</subfield></datafield><datafield ind1="1" ind2="0" tag="245"><subfield code="a">Liquid scintillation: science and technology</subfield><subfield code="b">Proceedings of the international conference on liquid scintillation: science and technology held at the banff centre in alberta, canada on june 14-17, 1976</subfield><subfield code="c">A.a. noujaim, c. ediss, l.i. weibe (eds.)</subfield></datafield><datafield ind1=" " ind2=" " tag="260"><subfield code="a">New York</subfield><subfield code="b">Academic Press, Inc</subfield><subfield code="c">1976</subfield></datafield><datafield ind1=" " ind2=" " tag="300"><subfield code="a">352P</subfield></datafield><datafield ind1=" " ind2=" " tag="490"><subfield code="a">Academic Press Rapid Manusctipt Reproduction</subfield></datafield><datafield ind1="1" ind2=" " tag="700"><subfield code="a">Weibe, L.I</subfield><subfield code="e">Ed</subfield></datafield><datafield ind1=" " ind2=" " tag="852"><subfield code="a">45865</subfield><subfield code="c">539.1.07:539.1.08</subfield></datafield><datafield ind1=" " ind2=" " tag="CAT"><subfield code="a">Sys</subfield><subfield code="c">20111027</subfield><subfield code="h">093548</subfield></datafield></record></collection>